<?xml version="1.0" encoding="UTF-8"?>
<collection xmlns:xsi="http://www.w3.org/2001/XMLSchema-instance" xsi:schemaLocation="http://www.loc.gov/MARC21/slim http://www.loc.gov/standards/marcxml/schema/MARC21slim.xsd" xmlns="http://www.loc.gov/MARC21/slim">
<record>
  <leader>00852cam a22002051  4500</leader>
  <controlfield tag="001">2979655</controlfield>
  <controlfield tag="003">NNC</controlfield>
  <controlfield tag="005">20150817132339.0</controlfield>
  <controlfield tag="008">010222s1954    ua            000 0 ara d</controlfield>
  <datafield tag="035" ind1=" " ind2=" ">
    <subfield code="a">(OCoLC)ocm46240155</subfield>
  </datafield>
  <datafield tag="035" ind1=" " ind2=" ">
    <subfield code="9">ASM6725CU</subfield>
  </datafield>
  <datafield tag="035" ind1=" " ind2=" ">
    <subfield code="a">(NNC)2979655</subfield>
  </datafield>
  <datafield tag="040" ind1=" " ind2=" ">
    <subfield code="a">ZCU</subfield>
    <subfield code="c">ZCU</subfield>
  </datafield>
  <datafield tag="090" ind1=" " ind2=" ">
    <subfield code="a">PJ7553</subfield>
    <subfield code="b">.A681</subfield>
  </datafield>
  <datafield tag="100" ind1="1" ind2=" ">
    <subfield code="a">Āmidī, al-Ḥasan ibn Bishr,</subfield>
    <subfield code="d">-981 or 982.</subfield>
  </datafield>
  <datafield tag="245" ind1="1" ind2="3">
    <subfield code="a">al-Muwāzanah bayna Abī Tammām Ḥabīb ibn Aws al-Ṭāʾī wa-Abī ʻUbādah al-Walīd ibn ʻUbayd-Allāh al-Buḥturī,</subfield>
    <subfield code="c">taṣnīf Abī-al-Qāsim al-Ḥasan ibn Bishr ibn Yaḥyā al-Āmidī al-Baṣrī, haqqaqa uṣūlahū waʻallaqa ḥawāshiyahū Muḥammad Muḥyī-al-Dīn ʻAbd-al-Ḥamīd.</subfield>
  </datafield>
  <datafield tag="250" ind1=" " ind2=" ">
    <subfield code="a">al-Ṭabʻah 2.</subfield>
  </datafield>
  <datafield tag="260" ind1=" " ind2=" ">
    <subfield code="a">Miṣr,</subfield>
    <subfield code="b">al-Maktabah al-Tijārīyah al-Kubrā,</subfield>
    <subfield code="c">1954</subfield>
  </datafield>
  <datafield tag="300" ind1=" " ind2=" ">
    <subfield code="a">407 p.</subfield>
  </datafield>
  <datafield tag="955" ind1=" " ind2=" ">
    <subfield code="b">0027033660</subfield>
    <subfield code="d">glx</subfield>
    <subfield code="e">PJ7553 .A681</subfield>
  </datafield>
</record>
</collection>